@webpage{cyzerg,
  author = {Hector Sunol},
  title = {How to Choose the Best WMS for Efficiency and Productivity},
  url = {https://cyzerg.com/blog/how-to-choose-the-best-wms/},
  year = {2024}
}